<collection xmlns="http://www.loc.gov/MARC21/slim">
<record>
  <leader>01100nam0a2200241 i 450 </leader>
  <controlfield tag="001">IT\ICCU\CNCE\042967</controlfield>
  <controlfield tag="005">20131107000000.0</controlfield>
  <datafield tag="012" ind1=" " ind2=" ">
    <subfield code="a">e.ui o.no o.e. CoSt (C) 1599 (R)</subfield>
    <subfield code="2">fei</subfield>
  </datafield>
  <datafield tag="100" ind1=" " ind2=" ">
    <subfield code="a">19981219d1599        0itac0103    ba</subfield>
  </datafield>
  <datafield tag="101" ind1=" " ind2=" ">
    <subfield code="a">ITA</subfield>
  </datafield>
  <datafield tag="102" ind1=" " ind2=" ">
    <subfield code="a">IT</subfield>
  </datafield>
  <datafield tag="200" ind1="1" ind2=" ">
    <subfield code="a">Tasse delle mercedi de&apos; notarii, et esecutori della corte del sig. gouernatore del Frignano, riformate l&apos;anno MDIC</subfield>
  </datafield>
  <datafield tag="210" ind1=" " ind2=" ">
    <subfield code="a">In Modona</subfield>
    <subfield code="c">presso Francesco Gadaldino stampator ducale</subfield>
    <subfield code="e">In Modona</subfield>
    <subfield code="g">appresso Francesco Gadaldino stampator ducale</subfield>
    <subfield code="h">1599</subfield>
  </datafield>
  <datafield tag="215" ind1=" " ind2=" ">
    <subfield code="a">\10! c.</subfield>
    <subfield code="d">fol</subfield>
  </datafield>
  <datafield tag="620" ind1=" " ind2=" ">
    <subfield code="a">IT</subfield>
    <subfield code="d">Modena</subfield>
  </datafield>
  <datafield tag="710" ind1="0" ind2="2">
    <subfield code="a">Frignano</subfield>
    <subfield code="3">IT\ICCU\CNCT\005590</subfield>
  </datafield>
  <datafield tag="712" ind1="0" ind2="0">
    <subfield code="a">Gadaldini, Francesco</subfield>
    <subfield code="3">IT\ICCU\CNCT\000842</subfield>
    <subfield code="4">650</subfield>
  </datafield>
  <datafield tag="791" ind1="0" ind2="2">
    <subfield code="a">Sextula</subfield>
    <subfield code="3">19429</subfield>
    <subfield code="z">Frignano</subfield>
  </datafield>
  <datafield tag="791" ind1="0" ind2="0">
    <subfield code="a">Gadaldino, Francesco</subfield>
    <subfield code="3">IT\ICCU\CNCT\004808</subfield>
    <subfield code="z">Gadaldini, Francesco</subfield>
  </datafield>
  <datafield tag="791" ind1="0" ind2="0">
    <subfield code="a">Gadaldinus, Franciscus</subfield>
    <subfield code="3">IT\ICCU\CNCT\004809</subfield>
    <subfield code="z">Gadaldini, Francesco</subfield>
  </datafield>
  <datafield tag="801" ind1=" " ind2="3">
    <subfield code="a">IT</subfield>
    <subfield code="b">ICCU</subfield>
    <subfield code="c">20201114</subfield>
  </datafield>
  <datafield tag="899" ind1=" " ind2=" ">
    <subfield code="a">Biblioteca Giuridica Antonio Cicu - Alma Mater Studiorum - Universit ̉di Bologna. Bologna</subfield>
    <subfield code="1">BO0036</subfield>
    <subfield code="2">UBO IG</subfield>
  </datafield>
  <datafield tag="899" ind1=" " ind2=" ">
    <subfield code="a">Archivio di Stato di Modena. Modena</subfield>
    <subfield code="z">MUTILO</subfield>
    <subfield code="1">MO0172</subfield>
    <subfield code="2">ZMO 19</subfield>
  </datafield>
</record>
</collection>
